<?xml version="1.0" encoding="UTF-8"?><collection xmlns="http://www.loc.gov/MARC21/slim"><record><leader>00662nam--2200217-u-4500</leader><controlfield tag="001">000056729</controlfield><controlfield tag="002">20170206</controlfield><controlfield tag="005">20170206125059</controlfield><controlfield tag="008">170206s1000------------r-----000-0-eng-d</controlfield><datafield ind1=" " ind2=" " tag="040"><subfield code="a">IFIN-HH</subfield></datafield><datafield ind1="0" ind2=" " tag="041"><subfield code="a">eng</subfield></datafield><datafield ind1=" " ind2=" " tag="080"><subfield code="a">530.145</subfield></datafield><datafield ind1="1" ind2=" " tag="100"><subfield code="a">Jauch, J.M</subfield></datafield><datafield ind1="1" ind2="0" tag="245"><subfield code="a">The Theory of Photons and Electrons. The Relativistic Quantum Field Theory of Charged Particles with Spin One-half</subfield><subfield code="c">J.M. Jauch, F. Rohrlich</subfield></datafield><datafield ind1=" " ind2=" " tag="250"><subfield code="a">Second printing- June 1959</subfield></datafield><datafield ind1=" " ind2=" " tag="260"><subfield code="a">Reading, Mass</subfield><subfield code="b">Addison-Wesley</subfield><subfield code="c">1955</subfield></datafield><datafield ind1=" " ind2=" " tag="300"><subfield code="a">xiv+488p</subfield></datafield><datafield ind1="0" ind2=" " tag="490"><subfield code="a">Addison-Wesley Physics Books</subfield></datafield><datafield ind1="1" ind2=" " tag="700"><subfield code="a">Rohrlich, F</subfield></datafield><datafield ind1=" " ind2=" " tag="852"><subfield code="a">77652</subfield><subfield code="c">530.145</subfield></datafield><datafield ind1=" " ind2=" " tag="CAT"><subfield code="a">SYS</subfield><subfield code="c">20170206</subfield><subfield code="h">125059</subfield></datafield></record></collection>